## int: Introduction, Applications
@inproceedings{int01,
  title={GNSS spoofing detection via opportunistic IRIDIUM signals},
  author={Oligeri, Gabriele and Sciancalepore, Savio and Di Pietro, Roberto},
  booktitle={Proceedings of the 13th ACM Conference on Security and Privacy in Wireless and Mobile Networks},
  pages={42--52},
  year={2020}
}

## sat: Sattelite systems
@inproceedings{sat01,
  title={Application of the iridium satellite system to aeronautical communications},
  author={Kerczewski, Robert J and Meza, Mike and Gupta, Om},
  booktitle={14th Ka and Broadband Communications Conference},
  number={E-16727},
  year={2008}
}

@techreport{sat02, 
    title={Technical Specification For Aeronautical Mobile Satellite (Route) Service (Ams(R)S) Provided By Iridium Satellite System},
    institution={ICAO},
    address = "Montreal, Canada",
    number = "110305",
    year = 2003,
    month = sep
}

@techreport{sat03, 
    title={Implementation Manual for Iridium Satellite Communications Sevice},
    institution={ICAO},
    address = "Montreal, Canada",
    number = "051906",
    year = 2006,
    month = may
} 

@techreport{sat04, 
    title={Iridium Next Engineering Statement}, 
    author={Buntschuh, Frank},
    institution={Iridium Communications Inc.},
    address = "McLean, Virginira, USA",
    year = 2013,
    month = dec
} 

@inproceedings{sat05,
  title={An overview of the IRIDIUM (R) low Earth orbit (LEO) satellite system},
  author={Fossa, Carl E and Raines, Richard A and Gunsch, Gregg H and Temple, Michael A},
  booktitle={Proceedings of the IEEE 1998 National Aerospace and Electronics Conference. NAECON 1998. Celebrating 50 Years (Cat. No. 98CH36185)},
  pages={152--159},
  year={1998},
  organization={IEEE}
}

@misc{sat06, 
    howpublished={http://www.rod.sladen.org.uk/iridium.htm},
    journal={Iridium Constellation Status}, 
    author={Sladen, Rod},
    year={2020},
    month={Jun}
} 

@misc{sat07, 
    howpublished={http://www.decodesystems.com/iridium.html},
    journal={Iridium}, 
    author={Veeneman, Dan},
    year={2021},
    month={Nov}
} 

@article{sat08,
  title={Physical-layer data of IRIDIUM satellites broadcast messages},
  author={Oligeri, Gabriele and Sciancalepore, Savio and Di Pietro, Roberto},
  journal={Data in Brief},
  volume={46},
  year={2023},
  publisher={Elsevier}
}

@techreport{sat09, 
    title={FCC Order and Authorization (DA 96-1789)},
    institution={Federal Communications Commission},
    address = "Washington D.C., USA",
    number = "DA 96-1789",
    year = 1996,
    month = oct
} 

## sop: Signals of Opportunity navigation
@inproceedings{sop01,
  title={Alternative PNT based on Iridium Next LEO satellites Doppler/INS integrated navigation system},
  author={Benzerrouk, Hamza and Nguyen, Quang and Xiaoxing, Fang and Amrhar, Abdessamad and Nebylov, Alexander V and Landry, Rene},
  booktitle={2019 26th Saint Petersburg international conference on integrated navigation systems (ICINS)},
  pages={1--10},
  year={2019},
  organization={IEEE}
}

@article{sop02,
  title={Doppler Positioning of Dynamic Targets with Unknown LEO Satellite Signals},
  author={Yang, Chaoqun and Zang, Bo and Gu, Bowen and Zhang, Liang and Dai, Chuanjin and Long, Lulan and Zhang, Zongchang and Ding, Linlin and Ji, Hongbing},
  journal={Electronics},
  volume={12},
  number={11},
  pages={2392},
  year={2023},
  publisher={MDPI}
}

@article{sop03,
  title={Multi-constellation software-defined receiver for Doppler positioning with LEO satellites},
  author={Farhangian, Farzan and Landry Jr, Ren{\'e}},
  journal={Sensors},
  volume={20},
  number={20},
  pages={5866},
  year={2020},
  publisher={MDPI}
}

@article{sop04,
  title={Practical use of Starlink downlink tones for positioning},
  author={Jardak, Nabil and Adam, Ronan},
  journal={Sensors},
  volume={23},
  number={6},
  pages={3234},
  year={2023},
  publisher={MDPI}
}

@article{sop05,
  title={The potential of LEO satellite-based opportunistic navigation for high dynamic applications},
  author={Jardak, Nabil and Jault, Quentin},
  journal={Sensors},
  volume={22},
  number={7},
  pages={2541},
  year={2022},
  publisher={MDPI}
}

@article{sop06,
  title={Theoretical bounds on random errors in satellite Doppler navigation},
  author={Levanon, Nadav},
  journal={IEEE transactions on aerospace and electronic systems},
  number={6},
  pages={810--816},
  year={1984},
  publisher={IEEE}
}

@article{sop07,
  title={Quick position determination using 1 or 2 LEO satellites},
  author={Levanon, Nadav},
  journal={IEEE Transactions on Aerospace and electronic Systems},
  volume={34},
  number={3},
  pages={736--754},
  year={1998},
  publisher={IEEE}
}

@inproceedings{sop08,
  title={Simultaneous tracking of Orbcomm LEO satellites and inertial navigation system aiding using Doppler measurements},
  author={Morales, Joshua and Khalife, Joe and Kassas, Zaher M},
  booktitle={2019 IEEE 89th Vehicular Technology Conference (VTC2019-Spring)},
  pages={1--6},
  year={2019},
  organization={IEEE}
}

@article{sop09,
  title={Improving Argos doppler location using multiple-model Kalman filtering},
  author={Lopez, R{\'e}my and Malard{\'e}, Jean-Pierre and Royer, Fran{\c{c}}ois and Gaspar, Philippe},
  journal={IEEE transactions on geoscience and remote sensing},
  volume={52},
  number={8},
  pages={4744--4755},
  year={2013},
  publisher={IEEE}
}

@inproceedings{sop10,
  title={Receiver design for Doppler positioning with LEO satellites},
  author={Khalife, Joe J and Kassas, Zaher M},
  booktitle={ICASSP 2019-2019 IEEE International Conference on Acoustics, Speech and Signal Processing (ICASSP)},
  pages={5506--5510},
  year={2019},
  organization={IEEE}
}

@article{sop11,
  title={New method for positioning using IRIDIUM satellite signals of opportunity},
  author={Tan, Zizhong and Qin, Honglei and Cong, Li and Zhao, Chao},
  journal={IEEE access},
  volume={7},
  pages={83412--83423},
  year={2019},
  publisher={IEEE}
}

@article{sop12,
  title={Positioning using IRIDIUM satellite signals of opportunity in weak signal environment},
  author={Tan, Zizhong and Qin, Honglei and Cong, Li and Zhao, Chao},
  journal={Electronics},
  volume={9},
  number={1},
  pages={37},
  year={2019},
  publisher={MDPI}
}

@article{sop13,
  title={LEO satellites based Doppler positioning using distributed nonlinear estimation},
  author={Benzerrouk, Hamza and Nguyen, Quang and Xiaoxing, Fang and Rasaee, Hamza and Landry, Rene Jr and others},
  journal={IFAC-PapersOnLine},
  volume={52},
  number={12},
  pages={496--501},
  year={2019},
  publisher={Elsevier}
}

@article{sop14,
  title={A Ka-band receiver front-end with noise injection calibration circuit for CubeSats inter-satellite links},
  author={Alimenti, Federico and Mezzanotte, Paolo and Simoncini, Guendalina and Palazzi, Valentina and Salvati, Raffaele and Cicioni, Giordano and Roselli, Luca and Dogo, Federico and Pauletto, Simone and Fragiacomo, Mario and others},
  journal={IEEE Access},
  volume={8},
  pages={106785--106798},
  year={2020},
  publisher={IEEE}
}

@inproceedings{sop15,
  title={Navigation with differential carrier phase measurements from megaconstellation LEO satellites},
  author={Khalife, Joe and Neinavaie, Mohammad and Kassas, Zaher M},
  booktitle={2020 IEEE/ION Position, Location and Navigation Symposium (PLANS)},
  pages={1393--1404},
  year={2020},
  organization={IEEE}
}

@article{sop16,
  title={Real-time estimation of low Earth orbit (LEO) satellite clock based on ground tracking stations},
  author={Yang, Zhixin and Liu, Hui and Qian, Chuang and Shu, Bao and Zhang, Linjie and Xu, Xintong and Zhang, Yi and Lou, Yidong},
  journal={Remote Sensing},
  volume={12},
  number={12},
  pages={2050},
  year={2020},
  publisher={MDPI}
}

@article{sop17,
  title={A Doppler correcting software defined radio receiver design for satellite communications},
  author={Peters, Edwin GW and Benson, Craig R},
  journal={IEEE Aerospace and Electronic Systems Magazine},
  volume={35},
  number={2},
  pages={38--48},
  year={2020},
  publisher={IEEE}
}

@article{sop18,
  title={Exploring implicit pilots for precise estimation of LEO satellite downlink Doppler frequency},
  author={Wei, Qihui and Chen, Xi and Zhan, Ya Feng},
  journal={IEEE Communications Letters},
  volume={24},
  number={10},
  pages={2270--2274},
  year={2020},
  publisher={IEEE}
}

@inproceedings{sop19,
  title={A scheme to mitigate interference from Iridium satelliteâ€™s downlink signal captured by omnidirectional antenna array},
  author={Shahriar, Chowdhury MR},
  booktitle={2008 IEEE Antennas and Propagation Society International Symposium},
  pages={1--4},
  year={2008},
  organization={IEEE}
}

@article{sop20,
  title={A model to describe the distribution of transmission path elevation angles to the Iridium and Globalstar satellite systems},
  author={Crowe, KE and Raines, Richard A},
  journal={IEEE communications letters},
  volume={3},
  number={8},
  pages={242--244},
  year={1999},
  publisher={IEEE}
}

@inproceedings{sop21,
  title={Multi-constellation blind beacon estimation, Doppler tracking, and opportunistic positioning with OneWeb, Starlink, Iridium NEXT, and Orbcomm LEO satellites},
  author={Kozhaya, Sharbel and Kanj, Haitham and Kassas, Zaher M},
  booktitle={2023 IEEE/ION Position, Location and Navigation Symposium (PLANS)},
  pages={1184--1195},
  year={2023},
  organization={IEEE}
}

## des: Design
@article{des01,
  title={Phase-time method: Accurate Doppler measurement for Iridium NEXT signals},
  author={Huang, Changyu and Qin, Honglei and Zhao, Chao and Liang, Huaiyuan},
  journal={IEEE Transactions on Aerospace and Electronic Systems},
  volume={58},
  number={6},
  pages={5954--5962},
  year={2022},
  publisher={IEEE}
}

